<record xmlns="http://www.loc.gov/MARC21/slim" xmlns:xsi="http://www.w3.org/2001/XMLSchema-instance" xsi:schemaLocation="http://www.loc.gov/MARC21/slim http://www.loc.gov/standards/marcxml/schema/MARC21slim.xsd"><leader>00437cz   2200145n  4500</leader><controlfield tag="001">oca00479582 </controlfield><controlfield tag="005">20020606172803.0</controlfield><controlfield tag="008">800827n| acannaab           |a aaa      </controlfield><datafield ind1=" " ind2=" " tag="010"><subfield code="a">n  80098606 </subfield></datafield><datafield ind1=" " ind2=" " tag="040"><subfield code="a">DLC</subfield><subfield code="c">DLC</subfield><subfield code="d">DLC</subfield><subfield code="d">NjP</subfield><subfield code="d">DLC</subfield></datafield><datafield ind1="1" ind2=" " tag="100"><subfield code="a">Claudianus, Claudius</subfield></datafield><datafield ind1="0" ind2=" " tag="400"><subfield code="a">Claudian</subfield></datafield><datafield ind1="0" ind2=" " tag="400"><subfield code="a">Claudien</subfield></datafield><datafield ind1=" " ind2=" " tag="670"><subfield code="a">DoÌ&#x88;pp, S. Zeitgeschichte in Dichtungen Claudians, 1980</subfield><subfield code="b">t.p. (Claudian)</subfield></datafield><datafield ind1=" " ind2=" " tag="670"><subfield code="a">His Oeuvres, 1991-:</subfield><subfield code="b">t. 1, t.p. (Claudien)</subfield></datafield></record>